@webpage{StackWeb,
key={StackWeb},
title = "{Stack Overflow}",
url= {http://stackoverflow.com/questions/tagged/qt},
}


@webpage{ZonaQt,
key={ZonaQt},
title = "{Zona Qt, comunidad de usuarios de Qt}",
url = {http://www.zonaqt.com},
}

@webpage{nokia,
key={nokia},
title = "{Qt}",
url = {http://www.qt.nokia.com},
}
