
@book{Blanchette,
    author = {Jasmin Blanchette, Mark Summerfield},
    title = {C++ GUI Programming with Qt4},
    publisher = {Prentice Hall},
    year = {2008},
} 

@book{Thelin, 
    author = {Johan Thelin}, 
    title = {Foundations of Qt Development (Expert's Voice in Open Source)},
    publisher = { Apress},
    year = { 2007}
}

@book{Joyanes,
    author = {Luis Joyanes Aguilar, Lucas Sánchez García, Ignacio Zahonero Martínez},
    title = {Estructura de datos en C++},
    publisher = {McGraw Hill},
    year = {2007}
    }





@webpage{StackWeb,
key={StackWeb},
title = "{Stack Overflow}",
url= {http://stackoverflow.com/questions/tagged/qt},
}


@webpage{ZonaQt,
key={ZonaQt},
title = "{Zona Qt, comunidad de usuarios de Qt}",
url = {http://www.zonaqt.com},
}

@webpage{cpp,
key={cpp},
title = "{cplusplus.com - The C++ Resources Network}",
url = {http://www.cplusplus.com},
}

@webpage{nokia,
key={nokia},
title = "{Qt}",
url = {http://www.qt.nokia.com},
}

@webpage{Deusto,
key={Deusto},
title = "{Plantillas OpenOffice.org y LaTeX para Proyectos de Fin de Carrera}",
url = {http://softwarelibre.deusto.es/plantillas-openofficeorg-y-latex-para-proyectos-de-fin-de-carrera/},
}


